@string{jACM="J. of the ACM"}	  
%@string{ADM="Annals of Discrete Mathematics"}
%@string{AI="Acta Informatica"}	
@string{ALG="Algorithmica"}	  
@string{DAM="Discrete Applied Math."}

@string{COR="Computers \& Oper. Res."}
@string{IPL="Information Processing Letters"}	
@string{JCT="J. of Combinatorial Theory"}
@string{JORS="J. of Operations Research Society"}
@string{JC="J. of Complexity"}
@string{JA="J. of Algorithms"}
@string{JoS="J. of Scheduling"}
		  
@string{MOR="Math. Oper. Res."}
@string{MP="Math. Programming"}		  
@string{OR="Oper. Res."}
@string{ORL="Oper. Res. Letters"}
@string{EJOR="Eur. J. Oper. Res."}
@string{MS="Management Sci."}

%@string{SIAMjc="SIAM J. Comput."}
%@string{SIAMjam="SIAM J. Appl. Math."}
%@string{SIAMjdm="SIAM J. Discrete Math."}
%@string{SIAMjadm="SIAM J. Algebraic and Discrete Methods"}
%@string{SIAMjo="SIAM J. Optim."}

@string{IJOPM="International J. Oper. Production Management"},
@string{IJPR="International J. of Production Res."},
@string{IJPE="International J. of Production Economics"},
@string{EJTL="EURO J. Transp. Logist."},
@string{JoPT="J. of Public Transp."},
%@string{LNCS="Lecture Notes in Computer Science"}
@string{NRL="Naval Research Logistics"}
@string{SODA="ACM-SIAM Symposium on Discrete Algorithms (SODA)"}
	

@article{Angeloudis2014,
	title = {A strategic repositioning algorithm for bicycle-sharing schemes},
	volume = {10},
	number = {8},
	journal = {Transportmetrica a-Transport Science},
	author = {Angeloudis, P. and Hu, J. and Bell, M.G.H.},
	year = {2014},
	pages = {759--774}
}

@article{Benchimol2011,
	title = {Balancing the stations of a self service ''bike hire'' system},
	volume = {45},
	number = {1},
	journal = {{RAIRO} - Operations Research},
	author = {Benchimol, M. and Benchimol, P. and Chappert, B. and de la Taille, A. and Laroche, F. and Meunier, F. and Robinet, L.},
	year = {2011},
	pages = {37--61},
}
@article{Borgnat2011,
	author = {Borgnat, P. and P. Abry and C. Robardet and J.-B. Rouquier and E. Fleury},
	title = {Shared bicycles in a city: A signal processing and data analysis perspective},
	journal = {Advances in Complex Systems},
	volume = {14},
	number = {3},
	pages = {415-438},
	year = {2011}
}

@article{Borndorfer2007,
	title = {A Column-Generation Approach to Line Planning in Public Transport},
	volume = {41},
	number = {1},
	journal = {Transportation Science},
	author = {Bornd\"orfer, R. and Gr\"otschel, M. and Pfetsch, M.E.},
	year = {2007},
	pages = {123--132},
}

@article{Campbell1992,
	title = {Selecting routes to minimize urban travel time},
	volume = {26},
	issn = {01912615},
	number = {4},
	journal = {Transportation Research Part B: Methodological},
	author = {Campbell, J.F.},
	year = {1992},
	pages = {261--274},
}

@article{Chemla2012,
	author = {Chemla, D. and F. Meunier and R. Wolfler Calvo},
	title = {Bike sharing systems: Solving the static rebalancing problem},
	journal = {Discrete Optimization},
	volume = {10},
	number = {2},
	pages = {120-146},
	year = {2013}
}

@article{Contardo2012,
	author = {Contardo, C. and C. Morency and L.-M. Rousseau},
	title = {Balancing a dynamic public bike-sharing system. Technical report},
	journal = {Cirrelt},
	year = {2012}
}

@article{Correia2012,
	title = {Optimization approach to depot location and trip selection in one-way carsharing systems},
	volume = {48},
	number = {1},
	journal = {Transportation Research Part E: Logistics and Transportation Review},
	author = {Correia, G.H. de Almeida and Antunes, A.P.},
	year = {2012},
	pages = {233--247},
}

@article{Correia2014,
	title = {The Added Value of Accounting For Users' Flexibility and Information on the Potential of a Station-Based One-Way Car-Sharing System: An Application in Lisbon, Portugal},
	volume = {18},
	number = {3},
	journal = {Journal of Intelligent Transportation Systems},
	author = {Correia, G.H.D. and Jorge, D.R. and Antunes, D.M.},
	year = {2014},
	pages = {299--308}
}

@article{DeMaio2004,
	author = {DeMaio, P. and J. Gifford},
	title = {Will smart bikes succeed as public transportation in the United States?},
	journal = JoPT,
	volume = {7},
	pages = {1-16},
	year = {2004}
}

@inproceedings{DeMaio2009,
	author = {DeMaio, P.},
	title = {Bike-sharing: Its History, Models of Provision, and Future},
	booktitle = {Velo-city 2009 Conference},
	year = {2009}
}

@article{George2011,
	title = {Fleet-sizing and service availability for a vehicle rental system via closed queueing networks},
	volume = {211},
	number = {1},
	journal = {European Journal of Operational Research},
	author = {George, D.K. and Xia, C.H.},
	year = {2011},
	pages = {198--207},
}

@article{Frade2014,
	title = {Bicycle sharing systems demand},
	volume = {111},
	journal = {Transportation: Can We Do More with Less Resources? - 16th Meeting of the Euro Working Group on Transportation - Porto 2013},
	author = {Frade, I. and Ribeiro, A.},
	year = {2014},
	pages = {518--527}
}

@inproceedings{Fricker2012,
	author = {Fricker, C. and N. Gast and A. Mohamed},
	title = {Mean field analysis for inhomogeneous bike sharing systems},
	booktitle = {Aofa 2012, International Meeting on Probabilistic, Combinatorial and Asymptotic Methods for the Analysis of Algorithms},
	year = {2012}
}

@article{Fricker2014,
	author = {Fricker, C. and N. Gast},
	title = {Incentives and redistribution in homogenous bike-sharing systems with stations of finite capacity},
	journal = EJTL,
	volume = {accepted},
	year = {2014}
}

@inproceedings{Froehlich2008,
	author = {Froehlich, J. and J. Neumann and N. Oliver},
	title = {Measuring the pulse of the city through shared bicyle programs},
	booktitle = {International Workshop on Urban, Community, and Social Applications of Networked Sensing Systems - UrbanSense08},
	year = {2008}
}

@article{Katzev2003,
	author = {Katzev, R.},
	title = {Car sharing: A new approach to urban transportation problems},
	journal = {Analysis of Social Issues and Public Policy},
	volume = {3},
	number = {1},
	pages = {65-86},
	year = {2003}
}

@article{Kek2009,
	title = {A decision support system for vehicle relocation operations in carsharing systems},
	volume = {45},
	number = {1},
	journal = {Transportation Research Part E: Logistics and Transportation Review},
	author = {Kek, A.G.H. and Cheu, R. L. and Meng, Q. and Fung, C.H.},
	year = {2009},
	pages = {149--158},
}

@article{Nair2011,
	title = {Fleet Management for Vehicle Sharing Operations},
	volume = {45},
	number = {4},
	journal = {Transportation Science},
	author = {Nair, R. and Miller-Hooks, E.},
	year = {2011},
	pages = {524--540},
}


@article{Nair2013,
	author = {Nair, R. and E. Miller-Hooks and R.C. Hampshire and A.Bui$\check{s}$i\'c},
	title = {Large-scale vehicule sharing systems: analyse of v\'elib'}, 
	journal = {International Journal of Sustainable Transportation},
	volume = {7},
	number = {1},
	pages = {85-106},
	year = {2013}
}

@article{Raviv2013a,
	author = {Raviv, T. and O. Kolka},
	title = {Optimal inventory management of a bike-sharing station},
	journal = {IIE Transactions},
	volume = {45},
	number = {10},
	pages = {1077-1093},
	year = {2013}
}

@article{Raviv2013b,
	author = {Raviv, T. and M. Tzur and I. Forma},
	title = {Static repositioning in a bike-sharing system: Models and solution approaches},
	journal = EJTL,
	volume = {2},
	number = {3},
	pages = {187-229},
	year = {2013}
}

@article{Schuijbroeck2013,
	author = {Schuijbroeck, J. and R. Hampshire and W.-J. van Hoeve},
	title = {Inventory rebalancing and vehicule routing inbike sharing systems. Technical report.},
	year = {2013}
}

@article{Shaheen2007, 
author = {Shaheen, S. and A. Cohen},
	title = {Worldwide carsharing growth: An international comparison},
	journal = {Transportation Research Record},
	volume = {1992},
	pages = {81-89},
	year = {2007}
}

@article{Shaheen2010, 
author = {Shaheen, S. and S. Guzmann and H. Zhang},
	title = {Bikesharing in Europe, the Americas and Asia: Past, Present and Future},
	journal = {Transportation Research Recordi: Journal of the Transportation Research Board},
	volume = {2143},
	number = {1},
	pages = {159-167},
	year = {2010}
}

@article{Shaheen2011,
	title = {China's Hangzhou Public Bicycle Understanding Early Adoption and Behavioral Response to Bikesharing},
	number = {2247},
	journal = {Transportation Research Record},
	author = {Shaheen, S. A. and Zhang, H. and Martin, E. and Guzman, S.},
	year = {2011},
	pages = {33--41}
}

@article{Shu2005,
	title = {Stochastic Transportation-Inventory Network Design Problem},
	volume = {53},
	number = {1},
	journal = {Operations Research},
	author = {Shu, J. and Teo, C.-P. and Shen, Z.-J.M.},
	year = {2005},
	pages = {48--60},
}

@article{Shu2013,
	title = {Models for Effective Deployment and Redistribution of Bicycles Within Public Bicycle-Sharing Systems},
	volume = {61},
	number = {6},
	journal = {Operations Research},
	author = {Shu, J. and Chou, M.C. and Q. Liu and Teo, C.-P. and Wang, I.-L.},
	year = {2013},
	pages = {1346--1359},
}

@article{Waserhole2012,
	author = {Waserhole, A. and V. Jost},
	title = {Vehicle sharing pricing regulation: Transit optimization of intractable queueing network. Technical report, INRIA},
	year = {2012}
}

@article{Waserhole2013,
	author = {Waserhole, A. and V. Jost and N. Brauner},
	title = {Pricing techniques for self-regulation in vehicule sharing systems},
	journal = {Electronic Notes in Discrete Mathematics},
	volume = {41},
	pages = {149-156},
	year = {2013}
}
